@inproceedings{Springall:2016:MSH:2987443.2987480,
 author = {Springall, Drew and Durumeric, Zakir and Halderman, J. Alex},
 title = {Measuring the Security Harm of TLS Crypto Shortcuts},
 booktitle = {Proceedings of the 2016 Internet Measurement Conference},
 series = {IMC '16},
 year = {2016},
 isbn = {978-1-4503-4526-2},
 location = {Santa Monica, California, USA},
 pages = {33--47},
 numpages = {15},
 url = {http://doi.acm.org/10.1145/2987443.2987480},
 doi = {10.1145/2987443.2987480},
 acmid = {2987480},
 publisher = {ACM},
 address = {New York, NY, USA},
 keywords = {edward snowden, gchq, government surveillance, nation state attacker, nsa, secure socket layer, session resumption, ssl, tls, transport layer security},
} 

@InProceedings{censys15,
    author = {Zakir Durumeric and David Adrian and Ariana Mirian and Michael Bailey and J. Alex Halderman},
    title = {A Search Engine Backed by {I}nternet-Wide Scanning},
    booktitle = {Proceedings of the 22nd {ACM} Conference on Computer and Communications Security},
    month = oct,
    year = 2015
}

@techreport{RFC5077,
  author = {J. Salowey and H. Zhou and P. Eronen and H. Tschofenig},
  title = {Transport Layer Security (TLS) Session Resumption without Server-Side State},
  howpublished = {Internet Requests for Comments},
  type = {RFC},
  number = {5077},
  year = {2008},
  month = {January},
  issn = {2070-1721},
  publisher = {RFC Editor},
  institution = {RFC Editor},
  url = {http://www.rfc-editor.org/rfc/rfc5077.txt},
  note = {\url{http://www.rfc-editor.org/rfc/rfc5077.txt}},
}

@inproceedings{Durumeric:2014:MH:2663716.2663755,
 author = {Durumeric, Zakir and Li, Frank and Kasten, James and Amann, Johanna and Beekman, Jethro and Payer, Mathias and Weaver, Nicolas and Adrian, David and Paxson, Vern and Bailey, Michael and Halderman, J. Alex},
 title = {The Matter of Heartbleed},
 booktitle = {Proceedings of the 2014 Conference on Internet Measurement Conference},
 series = {IMC '14},
 year = {2014},
 isbn = {978-1-4503-3213-2},
 location = {Vancouver, BC, Canada},
 pages = {475--488},
 numpages = {14},
 url = {http://doi.acm.org/10.1145/2663716.2663755},
 doi = {10.1145/2663716.2663755},
 acmid = {2663755},
 publisher = {ACM},
 address = {New York, NY, USA},
 keywords = {heartbleed, internet-wide scanning, openssl, security},
} 

@techreport{RFC4507,
  author = {J. Salowey and H. Zhou and P. Eronen and H. Tschofenig},
  title = {Transport Layer Security (TLS) Session Resumption without Server-Side State},
  howpublished = {Internet Requests for Comments},
  type = {RFC},
  number = {4507},
  year = {2006},
  month = {May},
  issn = {2070-1721},
  publisher = {RFC Editor},
  institution = {RFC Editor},
  url = {http://www.rfc-editor.org/rfc/rfc4507.txt},
  note = {\url{http://www.rfc-editor.org/rfc/rfc4507.txt}},
}

@inproceedings{durumeric2013zmap,
  title={ZMap: Fast Internet-wide Scanning and Its Security Applications.},
  author={Durumeric, Zakir and Wustrow, Eric and Halderman, J Alex}
}

@article{handshake,
author = {Tobarra, Llanos and Cazorla, Diego and Cuartero, Fernando and Diaz, Gregorio},
year = {2008},
month = {07},
pages = {},
title = {Formal verification of TLS handshake and extensions for wireless networks}
}

@misc{durumericinternet,
  title={Internet-wide scan data repository},
  author={Durumeric, Z and Halderman, JA and others}
}
